@inproceedings{Gatys2016,
  author    = {Gatys, Leon A. and Ecker, Alexander S. and Bethge, Matthias},
  title     = {Image Style Transfer Using Convolutional Neural Networks},
  booktitle = {Proceedings of the IEEE Conference on Computer Vision and Pattern Recognition},
  pages     = {2414--2423},
  year      = {2016},
}

@inproceedings{Johnson2016,
  author    = {Johnson, Justin and Alahi, Alexandre and Fei-Fei, Li},
  title     = {Perceptual Losses for Real-Time Style Transfer and Super-Resolution},
  booktitle = {European Conference on Computer Vision},
  pages     = {694--711},
  year      = {2016},
  organization = {Springer},
}

@inproceedings{Huang2017,
  author    = {Huang, Xun and Belongie, Serge},
  title     = {Arbitrary Style Transfer in Real-Time with Adaptive Instance Normalization},
  booktitle = {Proceedings of the IEEE International Conference on Computer Vision},
  pages     = {1501--1510},
  year      = {2017},
}

@inproceedings{Li2017,
  author    = {Li, Yijun and Wang, Chen and Tang, Xiaolin},
  title     = {Universal Style Transfer via Feature Transforms},
  booktitle = {Proceedings of the IEEE International Conference on Computer Vision},
  pages     = {4505--4513},
  year      = {2017},
}

@inproceedings{Ma2023RAST,
  author    = {Ma, Z. and Zhang, Y. and Li, X.},
  title     = {RAST: Restorable Arbitrary Style Transfer via Multi-Restoration},
  booktitle = {Proceedings of the IEEE Winter Conference on Applications of Computer Vision (WACV)},
  pages     = {xxxx--xxxx}, % Replace with actual page numbers
  year      = {2023},
  note      = {Available at \url{https://openaccess.thecvf.com/content/WACV2023/papers/Ma_RAST_Restorable_Arbitrary_Style_Transfer_via_Multi-Restoration_WACV_2023_paper.pdf}},
}

@inproceedings{CycleGAN2017,
  author    = {Zhu, Jun-Yan and Park, Taesung and Isola, Phillip and Efros, Alexei A.},
  title     = {Unpaired Image-to-Image Translation Using Cycle-Consistent Adversarial Networks},
  booktitle = {Proceedings of the IEEE International Conference on Computer Vision},
  pages     = {2223--2232},
  year      = {2017},
}

@article{Goodfellow2014,
  author    = {Goodfellow, Ian and Pouget-Abadie, Jean and Mirza, Mehdi and Xu, Bing and Warde-Farley, David and Ozair, Sherjil and Courville, Aaron and Bengio, Yoshua},
  title     = {Generative Adversarial Nets},
  journal   = {Advances in Neural Information Processing Systems},
  volume    = {27},
  pages     = {2672--2680},
  year      = {2014},
}