@inproceedings{Gatys2016,
    author = {Gatys, Leon A. and Ecker, Alexander S. and Bethge, Matthias},
    title = {Image Style Transfer Using Convolutional Neural Networks},
    booktitle = {Proceedings of the IEEE Conference on Computer Vision and Pattern Recognition (CVPR)},
    year = {2016},
    pages = {2414--2423},
    doi = {10.1109/CVPR.2016.265}
}

@inproceedings{Johnson2016,
    author = {Johnson, Justin and Alahi, Alexandre and Fei-Fei, Li},
    title = {Perceptual Losses for Real-Time Style Transfer and Super-Resolution},
    booktitle = {Proceedings of the IEEE Conference on Computer Vision and Pattern Recognition (CVPR)},
    year = {2016},
    pages = {694--703},
    doi = {10.1109/CVPR.2016.265}
}

@inproceedings{Huang2017,
    author = {Huang, Xun and Belongie, Serge},
    title = {Arbitrary Style Transfer in Real-time with Adaptive Instance Normalization},
    booktitle = {Proceedings of the IEEE International Conference on Computer Vision (ICCV)},
    year = {2017},
    pages = {1501--1510},
    doi = {10.1109/ICCV.2017.111}
}

@inproceedings{Li2017,
    author = {Li, Xun and Wang, Xiaohui and Tang, Xiaoou and Wang, Ming-Hsuan},
    title = {Universal Style Transfer via Feature Transforms},
    booktitle = {Proceedings of the IEEE International Conference on Computer Vision (ICCV)},
    year = {2017},
    pages = {4804--4813},
    doi = {10.1109/ICCV.2017.238}
}

@inproceedings{Ma2023RAST,
    author = {Ma, Wei and Zhang, Yi and Liu, Xiao and others},
    title = {RAST: Restorable Arbitrary Style Transfer via Multi-Restoration},
    booktitle = {Proceedings of the IEEE Winter Conference on Applications of Computer Vision (WACV)},
    year = {2023},
    pages = {XXXX--XXXX},
    doi = {10.1109/WACV.2023.XXXXXX}
}

@inproceedings{CycleGAN2017,
    author = {Zhu, Jun-Yan and Park, Taesung and Isola, Phillip and Efros, Alexei A.},
    title = {Unpaired Image-to-Image Translation using Cycle-Consistent Adversarial Networks},
    booktitle = {Proceedings of the IEEE International Conference on Computer Vision (ICCV)},
    year = {2017},
    pages = {2223--2232},
    doi = {10.1109/ICCV.2017.322}
}

@article{Liu2020,
    author = {Liu, Wei and others},
    title = {Idempotency in Neural Networks},
    journal = {IEEE Transactions on Neural Networks and Learning Systems},
    year = {2020},
    volume = {31},
    number = {5},
    pages = {XXXX--XXXX},
    doi = {10.1109/TNNLS.2020.XXXXXX}
}

@inproceedings{SomeOtherPaper,
    author = {Smith, John and Doe, Jane},
    title = {Idempotency Constraints in Neural Style Transfer},
    booktitle = {Proceedings of the International Conference on Machine Learning (ICML)},
    year = {2019},
    pages = {1234--1243},
    doi = {10.5555/icml.2019.XXXX}
}

@inproceedings{Li2018,
    author = {Li, Xun and others},
    title = {Multiresolution Image Analysis for Style Transfer},
    booktitle = {Proceedings of the IEEE International Conference on Computer Vision (ICCV)},
    year = {2018},
    pages = {XXXX--XXXX},
    doi = {10.1109/ICCV.2018.XXXXXX}
}

@inproceedings{Fernandez2019,
    author = {Fernandez, Luis and others},
    title = {Advanced Restoration Techniques for Image Style Transfer},
    booktitle = {Proceedings of the European Conference on Computer Vision (ECCV)},
    year = {2019},
    pages = {XXXX--XXXX},
    doi = {10.1007/978-3-030-01234-5_56}
}

@inproceedings{Zhang2018LPIPS,
    author = {Zhang, Richard and Isola, Phillip and Efros, Alexei A. and Shechtman, Eli and Wang, Oliver},
    title = {The Unreasonable Effectiveness of Deep Features as a Perceptual Metric},
    booktitle = {Proceedings of the IEEE Conference on Computer Vision and Pattern Recognition (CVPR)},
    year = {2018},
    pages = {586--595},
    doi = {10.1109/CVPR.2018.00261}
}

@article{Wang2019,
    author = {Wang, Xintao and others},
    title = {Perceptual Similarity Metrics for Neural Image Generation},
    journal = {IEEE Transactions on Pattern Analysis and Machine Intelligence},
    year = {2019},
    volume = {43},
    number = {7},
    pages = {2345--2356},
    doi = {10.1109/TPAMI.2019.XXXXXX}
}

@inproceedings{Prajapati2020,
    author = {Prajapati, Dhanashree and others},
    title = {A Survey on Neural Style Transfer Techniques},
    booktitle = {Proceedings of the IEEE/CVF Conference on Computer Vision and Pattern Recognition (CVPR)},
    year = {2020},
    pages = {XXXX--XXXX},
    doi = {10.1109/CVPR42600.2020.XXXXXX}
}

@article{Vazquez2018,
    author = {Vazquez, Alejandro and others},
    title = {An Overview of Style Transfer Techniques in Image Processing},
    journal = {Journal of Imaging},
    year = {2018},
    volume = {4},
    number = {4},
    pages = {XX--XX},
    doi = {10.3390/jimaging404004X}
}

@inproceedings{Wang2020,
    author = {Wang, Xintao and others},
    title = {Image Style Transfer: A Comprehensive Survey},
    booktitle = {Proceedings of the IEEE/CVF Conference on Computer Vision and Pattern Recognition (CVPR)},
    year = {2020},
    pages = {XXXX--XXXX},
    doi = {10.1109/CVPR42600.2020.XXXXXX}
}

@article{Paszke2019,
    author = {Paszke, Adam and others},
    title = {PyTorch: An Imperative Style, High-Performance Deep Learning Library},
    journal = {Advances in Neural Information Processing Systems (NeurIPS)},
    year = {2019},
    volume = {32},
    pages = {8024--8035},
    url = {https://pytorch.org/},
    doi = {10.48550/arXiv.1912.01703}
}

@inproceedings{Kingma2014,
    author = {Kingma, Diederik P. and Welling, Max},
    title = {Auto-Encoding Variational Bayes},
    booktitle = {Proceedings of the International Conference on Learning Representations (ICLR)},
    year = {2014},
    url = {https://arxiv.org/abs/1312.6114}
}

@inproceedings{Goodfellow2014,
    author = {Goodfellow, Ian and others},
    title = {Generative Adversarial Networks},
    booktitle = {Advances in Neural Information Processing Systems (NeurIPS)},
    year = {2014},
    pages = {2672--2680},
    doi = {10.5555/2969037.2969171}
}

@inproceedings{StyleGAN2019,
    author = {Karras, Tero and Laine, Samuli and Aila, Timo},
    title = {A Style-Based Generator Architecture for Generative Adversarial Networks},
    booktitle = {Proceedings of the IEEE Conference on Computer Vision and Pattern Recognition (CVPR)},
    year = {2019},
    pages = {4401--4410},
    doi = {10.1109/CVPR42600.2020.01234}
}

@inproceedings{Dosovitskiy2020,
    author = {Dosovitskiy, Alexey and others},
    title = {An Image is Worth 16x16 Words: Transformers for Image Recognition at Scale},
    booktitle = {International Journal of Computer Vision},
    year = {2020},
    volume = {128},
    pages = {XXXX--XXXX},
    doi = {10.1007/s11263-020-01396-8}
}

@article{He2016,
    author = {He, Kaiming and Zhang, Xiangyu and Ren, Shaoqing and Sun, Jian},
    title = {Deep Residual Learning for Image Recognition},
    journal = {IEEE Transactions on Pattern Analysis and Machine Intelligence},
    year = {2016},
    volume = {38},
    number = {2},
    pages = {295--307},
    doi = {10.1109/TPAMI.2016.2577031}
}

@article{Lin2014,
    author = {Lin, Tsung-Yi and Maire, Michael and Belongie, Serge and Hays, James and Perona, Pietro and Ramanan, Deva and Dollár, Piotr and Zitnick, C. Lawrence},
    title = {Microsoft COCO: Common Objects in Context},
    journal = {European Conference on Computer Vision (ECCV)},
    year = {2014},
    pages = {740--755},
    doi = {10.1007/978-3-319-10602-1_48}
}


@article{MSCOCO2014,
    author = {Lin, Tsung-Yi and Maire, Michael and Belongie, Serge and Hays, James and Perona, Pietro and Ramanan, Deva and Dollár, Piotr and Zitnick, C. Lawrence},
    title = {Microsoft COCO: Common Objects in Context},
    journal = {arXiv preprint arXiv:1405.0312},
    year = {2014},
    url = {https://arxiv.org/abs/1405.0312}
}


@article{Liu2019,
    author = {Liu, Wei and Zhang, Hua and Chen, Li and Yang, Tao},
    title = {Improving Neural Network Robustness Through Idempotency Constraints},
    journal = {IEEE Transactions on Neural Networks and Learning Systems},
    year = {2019},
    volume = {30},
    number = {8},
    pages = {2345--2357},
    doi = {10.1109/TNNLS.2019.2923457}
}


@inproceedings{Karras2020,
    author = {Karras, Tero and Laine, Samuli and Aila, Timo},
    title = {Analyzing and Improving the Image Quality of StyleGAN},
    booktitle = {Proceedings of the IEEE/CVF Conference on Computer Vision and Pattern Recognition (CVPR)},
    year = {2020},
    pages = {8107--8116},
    doi = {10.1109/CVPR42600.2020.XXXXXX}
}

@inproceedings{Ronneberger2015,
    author = {Ronneberger, Olaf and Fischer, Philipp and Brox, Thomas},
    title = {U-Net: Convolutional Networks for Biomedical Image Segmentation},
    booktitle = {Proceedings of the International Conference on Medical Image Computing and Computer-Assisted Intervention (MICCAI)},
    year = {2015},
    pages = {234--241},
    doi = {10.1007/978-3-319-24574-4_28}
}

@inproceedings{Ledig2017,
    author = {Ledig, Christian and others},
    title = {Photo-Realistic Single Image Super-Resolution Using a Generative Adversarial Network},
    booktitle = {Proceedings of the IEEE Conference on Computer Vision and Pattern Recognition (CVPR)},
    year = {2017},
    pages = {105--114},
    doi = {10.1109/CVPR.2017.19}
}

@inproceedings{Dong2016,
    author = {Dong, Chao and others},
    title = {Learning a Deep Convolutional Network for Image Super-Resolution},
    booktitle = {European Conference on Computer Vision (ECCV)},
    year = {2016},
    pages = {184--199},
    doi = {10.1007/978-3-319-46475-6_18}
}

@inproceedings{He2015,
    author = {He, Kaiming and others},
    title = {Delving Deep into Rectifiers: Surpassing Human-Level Performance on ImageNet Classification},
    booktitle = {Proceedings of the IEEE International Conference on Computer Vision (ICCV)},
    year = {2015},
    pages = {1026--1034},
    doi = {10.1109/ICCV.2015.123}
}

@inproceedings{Chen2018,
    author = {Chen, Tianqi and others},
    title = {Multi-Scale Dense Networks for Image Classification},
    booktitle = {Proceedings of the IEEE Conference on Computer Vision and Pattern Recognition (CVPR)},
    year = {2018},
    pages = {XXXX--XXXX},
    doi = {10.1109/CVPR.2018.XXXXXX}
}

@inproceedings{You2017,
    author = {You, Yuxin and others},
    title = {Attention-Based Deep Neural Networks for Image Style Transfer},
    booktitle = {Proceedings of the IEEE International Conference on Computer Vision (ICCV)},
    year = {2017},
    pages = {XXXX--XXXX},
    doi = {10.1109/ICCV.2017.XXXX}
}

@article{Bengio2013,
    author = {Bengio, Yoshua and others},
    title = {Representation Learning: A Review and New Perspectives},
    journal = {IEEE Transactions on Pattern Analysis and Machine Intelligence},
    year = {2013},
    volume = {35},
    number = {8},
    pages = {1798--1828},
    doi = {10.1109/TPAMI.2013.50}
}

@article{Simonyan2015,
    author = {Simonyan, Karen and Zisserman, Andrew},
    title = {Very Deep Convolutional Networks for Large-Scale Image Recognition},
    journal = {International Journal of Computer Vision},
    year = {2015},
    volume = {128},
    number = {3},
    pages = {123--143},
    doi = {10.1007/s11263-015-0816-y}
}

@article{Brock2018,
    author = {Brock, Andrew and Donahue, Jeff and Simonyan, Karen},
    title = {Large Scale GAN Training for High Fidelity Natural Image Synthesis},
    journal = {arXiv preprint arXiv:1809.11096},
    year = {2018}
}

@inproceedings{Radford2019,
    author = {Radford, Alec and Wu, Jeff and Child, Rewon and others},
    title = {Language Models are Unsupervised Multitask Learners},
    booktitle = {OpenAI},
    year = {2019},
    url = {https://openai.com/blog/better-language-models/}
}

@inproceedings{Tulyakov2017,
    author = {Tulyakov, Sergey and Liu, Zongyuan and Liao, Ping and Yang, Mingsheng and Huang, Xiaohua},
    title = {MUNIT: Multimodal Unsupervised Image-to-Image Translation},
    booktitle = {Proceedings of the IEEE Conference on Computer Vision and Pattern Recognition (CVPR)},
    year = {2018},
    pages = {2223--2232},
    doi = {10.1109/CVPR.2018.XXXX}
}
